<?xml version="1.0" encoding="UTF-8"?><record xmlns="http://www.loc.gov/MARC21/slim" xmlns:cinclude="http://apache.org/cocoon/include/1.0" xmlns:zs="http://www.loc.gov/zing/srw/">
  <leader>00441nz  a2200133n  4500</leader>
  <controlfield tag="001">no 98083584 </controlfield>
  <controlfield tag="003">DLC</controlfield>
  <controlfield tag="005">19980507051653.6</controlfield>
  <controlfield tag="008">980506n| acannaab|          |n aaa     c</controlfield>
  <datafield tag="010" ind1=" " ind2=" ">
    <subfield code="a">no 98083584 </subfield>
  </datafield>
  <datafield tag="035" ind1=" " ind2=" ">
    <subfield code="a">(OCoLC)oca04722467 </subfield>
  </datafield>
  <datafield tag="040" ind1=" " ind2=" ">
    <subfield code="a">LU-L</subfield>
    <subfield code="c">LU-L</subfield>
  </datafield>
  <datafield tag="100" ind1="1" ind2="0">
    <subfield code="a">Moses, Philip S.</subfield>
  </datafield>
  <datafield tag="670" ind1=" " ind2=" ">
    <subfield code="a">Best practices manual, 1997:</subfield>
    <subfield code="b">cover (Philip S. Moses, program manager, Mediation Assistance Program of the Government Law Center of Albany Law School)</subfield>
  </datafield>
</record>